<record><leader>00000cas a22000007a 4500</leader><controlfield tag="001">70216765</controlfield><controlfield tag="008">060629d19952004vau x ne      0    0eng d</controlfield><datafield ind1=" " ind2=" " tag="010"><subfield code="a">sn2006060545</subfield></datafield><datafield ind1=" " ind2=" " tag="040"><subfield code="a">NVK</subfield><subfield code="b">eng</subfield><subfield code="c">NVK</subfield><subfield code="d">NVK</subfield><subfield code="d">OCLCF</subfield><subfield code="d">OCLCO</subfield></datafield><datafield ind1="1" ind2=" " tag="029"><subfield code="a">AU@</subfield><subfield code="b">000040459440</subfield></datafield><datafield ind1=" " ind2=" " tag="042"><subfield code="a">msc</subfield></datafield><datafield ind1=" " ind2=" " tag="043"><subfield code="a">n-us-va</subfield></datafield><datafield ind1="0" ind2=" " tag="130"><subfield code="a">Observer (Midlothian, Va.)</subfield></datafield><datafield ind1="0" ind2="4" tag="245"><subfield code="a">The Observer.</subfield></datafield><datafield ind1=" " ind2=" " tag="260"><subfield code="a">[Petersburg, Va.] :</subfield><subfield code="b">Gregory D. Pearson,</subfield><subfield code="c">-2004.</subfield></datafield><datafield ind1="1" ind2=" " tag="362"><subfield code="a">Began in 1995?</subfield></datafield><datafield ind1="0" ind2=" " tag="362"><subfield code="a">-June 16, 2004.</subfield></datafield><datafield ind1=" " ind2=" " tag="500"><subfield code="a">"The Community Newspaper"</subfield></datafield><datafield ind1=" " ind2="0" tag="651"><subfield code="a">Midlothian (Va.)</subfield><subfield code="v">Newspapers.</subfield></datafield><datafield ind1=" " ind2="0" tag="651"><subfield code="a">Chesterfield County (Va.)</subfield><subfield code="v">Newspapers.</subfield></datafield><datafield ind1=" " ind2="7" tag="655"><subfield code="a">Newspapers.</subfield><subfield code="2">fast</subfield><subfield code="0">(OCoLC)fst01423814</subfield></datafield><datafield ind1=" " ind2="7" tag="651"><subfield code="a">Virginia</subfield><subfield code="z">Chesterfield County.</subfield><subfield code="2">fast</subfield><subfield code="0">(OCoLC)fst01210521</subfield></datafield><datafield ind1=" " ind2="7" tag="651"><subfield code="a">Virginia</subfield><subfield code="z">Midlothian.</subfield><subfield code="2">fast</subfield><subfield code="0">(OCoLC)fst01278026</subfield></datafield><datafield ind1=" " ind2=" " tag="752"><subfield code="a">United States</subfield><subfield code="b">Virginia</subfield><subfield code="c">Chesterfield</subfield><subfield code="d">Midlothian.</subfield></datafield><datafield ind1="0" ind2="0" tag="785"><subfield code="t">Chesterfield observer</subfield><subfield code="w">(DLC)sn2006060568</subfield></datafield></record>